@book{furht2010handbook,
  title={Handbook of cloud computing},
  author={Furht, Borivoje and Escalante, Armando and others},
  volume={3},
  year={2010},
  publisher={Springer}
}